% Encoding: UTF-8

@Article{woolley2010evidence,
  author    = {Woolley, Anita Williams and Chabris, Christopher F and Pentland, Alex and Hashmi, Nada and Malone, Thomas W},
  title     = {Evidence for a collective intelligence factor in the performance of human groups},
  journal   = {Science},
  year      = {2010},
  volume    = {330},
  number    = {6004},
  pages     = {686--688},
  publisher = {American Association for the Advancement of Science},
}

@Article{gurccay2015power,
  author    = {G{\"u}r{\c{c}}ay, Burcu and Mellers, Barbara A and Baron, Jonathan},
  title     = {The power of social influence on estimation accuracy},
  journal   = {J Behav Decis Making},
  year      = {2015},
  volume    = {28},
  number    = {3},
  pages     = {250--261},
  publisher = {Wiley Online Library},
}

@Article{becker2017network,
  author    = {Becker, Joshua and Brackbill, Devon and Centola, Damon},
  title     = {Network dynamics of social influence in the wisdom of crowds},
  journal   = {P Natl Acad Sci Usa},
  year      = {2017},
  volume    = {114},
  number    = {26},
  pages     = {E5070--E5076},
  publisher = {National Acad Sciences},
}

@Article{jayles2017social,
  author    = {Jayles, Bertrand and Kim, Hye-rin and Escobedo, Ram{\'o}n and Cezera, St{\'e}phane and Blanchet, Adrien and Kameda, Tatsuya and Sire, Cl{\'e}ment and Theraulaz, Guy},
  title     = {How social information can improve estimation accuracy in human groups},
  journal   = {P Natl Acad Sci Usa},
  year      = {2017},
  volume    = {114},
  number    = {47},
  pages     = {12620--12625},
  publisher = {National Acad Sciences},
}

@Book{caplan2011myth,
  title     = {The Myth of the Rational Voter: Why Democracies Choose Bad Policies-New Edition},
  publisher = {Princeton University Press},
  year      = {2011},
  author    = {Caplan, Bryan},
}

@Article{lorenz2011social,
  author    = {Lorenz, Jan and Rauhut, Heiko and Schweitzer, Frank and Helbing, Dirk},
  title     = {How social influence can undermine the wisdom of crowd effect},
  journal   = {P Natl Acad Sci Usa},
  year      = {2011},
  volume    = {108},
  number    = {22},
  pages     = {9020--9025},
  publisher = {National Acad Sciences},
}

@Article{minson2012cost,
  author    = {Minson, Julia A and Mueller, Jennifer S},
  title     = {The cost of collaboration: Why joint decision making exacerbates rejection of outside information},
  journal   = {Psychol Sci},
  year      = {2012},
  volume    = {23},
  number    = {3},
  pages     = {219--224},
  publisher = {Sage Publications Sage CA: Los Angeles, CA},
}

@Article{king2011true,
  author    = {King, Andrew J and Cheng, Lawrence and Starke, Sandra D and Myatt, Julia P},
  title     = {Is the true ‘wisdom of the crowd’to copy successful individuals?},
  journal   = {Biol Lett},
  year      = {2011},
  volume    = {8},
  number    = {2},
  pages     = {197--200},
  publisher = {The Royal Society},
}

@Article{le2018endogenous,
  author    = {Le Mens, Ga{\"e}l and Kov{\'a}cs, Bal{\'a}zs and Avrahami, Judith and Kareev, Yaakov},
  title     = {How endogenous crowd formation undermines the wisdom of the crowd in online ratings},
  journal   = {Psychol Sci},
  year      = {2018},
  volume    = {29},
  number    = {9},
  pages     = {1475--1490},
  publisher = {SAGE Publications Sage CA: Los Angeles, CA},
}

@Article{salganik2006experimental,
  author    = {Salganik, Matthew J and Dodds, Peter Sheridan and Watts, Duncan J},
  title     = {Experimental study of inequality and unpredictability in an artificial cultural market},
  journal   = {Science},
  year      = {2006},
  volume    = {311},
  number    = {5762},
  pages     = {854--856},
  publisher = {American Association for the Advancement of Science},
}

@Article{salganik2009web,
  author    = {Salganik, Matthew J and Watts, Duncan J},
  title     = {Web-based experiments for the study of collective social dynamics in cultural markets},
  journal   = {Top Cogn Sci},
  year      = {2009},
  volume    = {1},
  number    = {3},
  pages     = {439--468},
  publisher = {Wiley Online Library},
}

@Article{galton1907vox,
  author  = {Galton, Francis},
  title   = {Vox populi (the wisdom of crowds)},
  journal = {Cah Rev The},
  year    = {1907},
  volume  = {75},
  number  = {7},
  pages   = {450--451},
}

@Book{surowiecki2005wisdom,
  title     = {The wisdom of crowds},
  publisher = {Anchor},
  year      = {2005},
  author    = {Surowiecki, James},
}

@InBook{hong2008some,
  pages  = {56--71},
  title  = {Some microfoundations of collective wisdom},
  year   = {2008},
  author = {Hong, Lu and Page, Scott E},
  book   = {Collective Wisdom},
}

@Article{izard2008calibrating,
  author    = {Izard, V{\'e}ronique and Dehaene, Stanislas},
  title     = {Calibrating the mental number line},
  journal   = {Cognition},
  year      = {2008},
  volume    = {106},
  number    = {3},
  pages     = {1221--1247},
  publisher = {Elsevier},
}

@Article{nash2014curious,
  author    = {Nash, Ulrik W},
  title     = {The curious anomaly of skewed judgment distributions and systematic error in the wisdom of crowds},
  journal   = {PLoS One},
  year      = {2014},
  volume    = {9},
  number    = {11},
  pages     = {e112386},
  publisher = {Public Library of Science},
}

@Article{kao2018counteracting,
  author    = {Kao, Albert B and Berdahl, Andrew M and Hartnett, Andrew T and Lutz, Matthew J and Bak-Coleman, Joseph B and Ioannou, Christos C and Giam, Xingli and Couzin, Iain D},
  title     = {Counteracting estimation bias and social influence to improve the wisdom of crowds},
  journal   = {J R Soc Interface},
  year      = {2018},
  volume    = {15},
  number    = {141},
  pages     = {20180130},
  publisher = {The Royal Society},
}

@Article{anderson1997information,
  author    = {Anderson, Lisa R. and Holt, Charles A.},
  title     = {Information cascades in the laboratory},
  journal   = {Amer Econ Rev},
  year      = {1997},
  pages     = {847--862},
  publisher = {JSTOR},
}

@Article{bikhchandani1992theory,
  author    = {Bikhchandani, Sushil and Hirshleifer, David and Welch, Ivo},
  title     = {A theory of fads, fashion, custom, and cultural change as informational cascades},
  journal   = {J Polit Economy},
  year      = {1992},
  volume    = {100},
  number    = {5},
  pages     = {992--1026},
  publisher = {The University of Chicago Press},
}

@Article{bakshy2015exposure,
  author    = {Bakshy, Eytan and Messing, Solomon and Adamic, Lada A},
  title     = {Exposure to ideologically diverse news and opinion on Facebook},
  journal   = {Science},
  year      = {2015},
  volume    = {348},
  number    = {6239},
  pages     = {1130--1132},
  publisher = {American Association for the Advancement of Science},
}

@Article{banerjee1992simple,
  author    = {Banerjee, Abhijit V},
  title     = {A simple model of herd behavior},
  journal   = {Quart J Econ},
  year      = {1992},
  volume    = {107},
  number    = {3},
  pages     = {797--817},
  publisher = {MIT Press},
}

@Article{barabasi1999emergence,
  author    = {Barab{\'a}si, Albert-L{\'a}szl{\'o} and Albert, R{\'e}ka},
  title     = {Emergence of scaling in random networks},
  journal   = {Science},
  year      = {1999},
  volume    = {286},
  number    = {5439},
  pages     = {509--512},
  publisher = {American Association for the Advancement of Science},
}

@TechReport{katz1931students,
  author        = {Katz, Daniel and Allport, Floyd Henry and Jenness, Margaret Babcock},
  title         = {Students' attitudes; a report of the Syracuse University reaction study.},
  institution   = {Oxford},
  year          = {1931},
  __markedentry = {[hjl161:1]},
  publisher     = {Craftsman Press},
}

@Article{darley1968bystander,
  author    = {Darley, John M and Latan{\'e}, Bibb},
  title     = {Bystander intervention in emergencies: Diffusion of responsibility.},
  journal   = {J Pers Soc Psychol},
  year      = {1968},
  volume    = {8},
  number    = {4p1},
  pages     = {377},
  publisher = {American Psychological Association},
}

@Article{ross1977false,
  author    = {Ross, Lee and Greene, David and House, Pamela},
  title     = {The “false consensus effect”: An egocentric bias in social perception and attribution processes},
  journal   = {J Exp Soc Psychol},
  year      = {1977},
  volume    = {13},
  number    = {3},
  pages     = {279--301},
  publisher = {Elsevier},
}

@Article{noelle1974spiral,
  author    = {Noelle-Neumann, Elisabeth},
  title     = {The spiral of silence a theory of public opinion},
  journal   = {J Commun},
  year      = {1974},
  volume    = {24},
  number    = {2},
  pages     = {43--51},
  publisher = {Wiley Online Library},
}

@Article{asch1951effects,
  author    = {Asch, Solomon E. and Guetzkow, Harold},
  title     = {Effects of group pressure upon the modification and distortion of judgments},
  journal   = {Groups, leadership, and men},
  year      = {1951},
  pages     = {222--236},
  publisher = {University of California Press California},
}

@Book{pariser2011filter,
  title     = {The filter bubble: What the Internet is hiding from you},
  publisher = {Penguin UK},
  year      = {2011},
  author    = {Pariser, Eli},
}

@Article{muchnik2013social,
  author    = {Muchnik, Lev and Aral, Sinan and Taylor, Sean J},
  title     = {Social influence bias: A randomized experiment},
  journal   = {Science},
  year      = {2013},
  volume    = {341},
  number    = {6146},
  pages     = {647--651},
  publisher = {American Association for the Advancement of Science},
}

@Article{hanson1996hits,
  author    = {Hanson, Ward A and Putler, Daniel S},
  title     = {Hits and misses: Herd behavior and online product popularity},
  journal   = {Market Lett},
  year      = {1996},
  volume    = {7},
  number    = {4},
  pages     = {297--305},
  publisher = {Springer},
}

@Book{hendricks2018reality,
  title     = {Reality Lost: Markets of Attention, Misinformation and Manipulation},
  publisher = {Springer},
  year      = {2018},
  author    = {Hendricks, Vincent F and Vestergaard, Mads},
}

@Article{sniezek1995cueing,
  author    = {Sniezek, Janet A and Buckley, Timothy},
  title     = {Cueing and cognitive conflict in judge-advisor decision making},
  journal   = {Organ Behav Hum Decis Process},
  year      = {1995},
  volume    = {62},
  number    = {2},
  pages     = {159--174},
  publisher = {Elsevier},
}

@Article{mavrodiev2013quantifying,
  author    = {Mavrodiev, Pavlin and Tessone, Claudio J and Schweitzer, Frank},
  title     = {Quantifying the effects of social influence},
  journal   = {Sci Rep},
  year      = {2013},
  volume    = {3},
  pages     = {1360},
  publisher = {Nature Publishing Group},
}

@Article{krueger1982single,
  author    = {Krueger, Lester E},
  title     = {Single judgments of numerosity},
  journal   = {Percept Psychophys},
  year      = {1982},
  volume    = {31},
  number    = {2},
  pages     = {175--182},
  publisher = {Springer},
}

@Article{minturn1951effect,
  author    = {Minturn, AL and Reese, TW},
  title     = {The effect of differential reinforcement on the discrimination of visual number},
  journal   = {J Psychol},
  year      = {1951},
  volume    = {31},
  number    = {2},
  pages     = {201--231},
  publisher = {Taylor \& Francis},
}

@Article{indow1977scaling,
  author    = {Indow, Tarow and Ida, Masashi},
  title     = {Scaling of dot numerosity},
  journal   = {Percept Psychophys},
  year      = {1977},
  volume    = {22},
  number    = {3},
  pages     = {265--276},
  publisher = {Springer},
}

@Article{horton2010dot,
  author  = {Horton, John J.},
  title   = {The Dot-Guessing Game A Fruit Fly for Human Computation Research},
  journal = {SSRN 1600372},
  year    = {2010},
  doi     = {10.2139/ssrn.1600372},
  url     = {http://dx.doi.org/10.2139/ssrn.1600372},
}

@InProceedings{ugander2015wisdom,
  author       = {Ugander, Johan and Drapeau, Ryan and Guestrin, Carlos},
  title        = {The wisdom of multiple guesses},
  booktitle    = {Proceedings of the Sixteenth ACM Conference on Economics and Computation},
  year         = {2015},
  pages        = {643--660},
  organization = {ACM},
  url          = {https://doi.org/10.1145/2764468.2764529},
}

@Article{farrell2011social,
  author    = {Farrell, Simon},
  title     = {Social influence benefits the wisdom of individuals in the crowd},
  journal   = {P Natl Acad Sci Usa},
  year      = {2011},
  volume    = {108},
  number    = {36},
  pages     = {E625--E625},
  publisher = {National Acad Sciences},
  url       = {https://doi.org/10.1073/pnas.1109947108},
}

@Article{yaniv2004receiving,
  author    = {Yaniv, Ilan},
  title     = {Receiving other people’s advice: Influence and benefit},
  journal   = {Organ Behav Hum Decis Process},
  year      = {2004},
  volume    = {93},
  number    = {1},
  pages     = {1--13},
  publisher = {Elsevier},
}

@Article{madirolas2015improving,
  author    = {Madirolas, Gabriel and de Polavieja, Gonzalo G},
  title     = {Improving collective estimations using resistance to social influence},
  journal   = {PLoS Comput Biol},
  year      = {2015},
  volume    = {11},
  number    = {11},
  pages     = {e1004594},
  publisher = {Public Library of Science},
}

@Article{navajas2018diversity,
  author    = {Navajas, Joaquin and Armand, Oriane and Bahrami, Bahador and Deroy, Ophelia},
  title     = {Diversity of opinions promotes herding in uncertain crowds},
  journal   = {PsyArXiv},
  year      = {2018},
  publisher = {PsyArXiv},
  url       = {http://dx.doi.org/10.31234/osf.io/mvy25},
}

@Article{berinsky2012evaluating,
  author    = {Berinsky, Adam J and Huber, Gregory A and Lenz, Gabriel S},
  title     = {Evaluating online labor markets for experimental research: Amazon. com's Mechanical Turk},
  journal   = {Polit Anal},
  year      = {2012},
  volume    = {20},
  number    = {3},
  pages     = {351--368},
  publisher = {Cambridge University Press},
}

@Article{buhrmester2018evaluation,
  author    = {Buhrmester, Michael D and Talaifar, Sanaz and Gosling, Samuel D},
  title     = {An evaluation of Amazon’s Mechanical Turk, its rapid rise, and its effective use},
  journal   = {Perspect Psychol Sci},
  year      = {2018},
  volume    = {13},
  number    = {2},
  pages     = {149--154},
  publisher = {SAGE Publications Sage CA: Los Angeles, CA},
}

@InProceedings{mason2009financial,
  author       = {Mason, Winter and Watts, Duncan J},
  title        = {Financial incentives and the performance of crowds},
  booktitle    = {Proceedings of the ACM SIGKDD workshop on human computation},
  year         = {2009},
  pages        = {77--85},
  organization = {ACM},
}

@Article{buhrmester2011amazon,
  author    = {Buhrmester, Michael and Kwang, Tracy and Gosling, Samuel D},
  title     = {Amazon's Mechanical Turk: A new source of inexpensive, yet high-quality, data?},
  journal   = {Perspect Psychol Sci},
  year      = {2011},
  volume    = {6},
  number    = {1},
  pages     = {3--5},
  publisher = {Sage Publications Sage CA: Los Angeles, CA},
}

@Article{crump2013evaluating,
  author    = {Crump, Matthew JC and McDonnell, John V and Gureckis, Todd M},
  title     = {Evaluating Amazon's Mechanical Turk as a tool for experimental behavioral research},
  journal   = {PLoS One},
  year      = {2013},
  volume    = {8},
  number    = {3},
  pages     = {e57410},
  publisher = {Public Library of Science},
}

@Article{rand2012promise,
  author    = {Rand, David G},
  title     = {The promise of Mechanical Turk: How online labor markets can help theorists run behavioral experiments},
  journal   = {J Theor Biol},
  year      = {2012},
  volume    = {299},
  pages     = {172--179},
  publisher = {Elsevier},
}

@Article{horton2011online,
  author    = {Horton, John J and Rand, David G and Zeckhauser, Richard J},
  title     = {The online laboratory: Conducting experiments in a real labor market},
  journal   = {Exper Econ},
  year      = {2011},
  volume    = {14},
  number    = {3},
  pages     = {399--425},
  publisher = {Springer},
}

@Article{chandler2016conducting,
  author    = {Chandler, Jesse and Shapiro, Danielle},
  title     = {Conducting clinical research using crowdsourced convenience samples},
  journal   = {Annu Rev Clin Psycho},
  year      = {2016},
  volume    = {12},
  pages     = {53--81},
  publisher = {Annual Reviews},
}

@Article{zhou2016pitfall,
  author    = {Zhou, Haotian and Fishbach, Ayelet},
  title     = {The pitfall of experimenting on the web: How unattended selective attrition leads to surprising (yet false) research conclusions.},
  journal   = {J Pers Soc Psychol},
  year      = {2016},
  volume    = {111},
  number    = {4},
  pages     = {493},
  publisher = {American Psychological Association},
}

@Article{chen2016otree,
  author    = {Chen, Daniel L and Schonger, Martin and Wickens, Chris},
  title     = {oTree—An open-source platform for laboratory, online, and field experiments},
  journal   = {J Behav Exp Financ},
  year      = {2016},
  volume    = {9},
  pages     = {88--97},
  publisher = {Elsevier},
}

@Book{tukey1977exploratory,
  title   = {Exploratory data analysis},
  year    = {1977},
  author  = {Tukey, John W},
  volume  = {32},
  journal = {Reading, Ma 231},
}

@Article{rader2017advice,
  author    = {Rader, Christina A and Larrick, Richard P and Soll, Jack B},
  title     = {Advice as a form of social influence: Informational motives and the consequences for accuracy},
  journal   = {Soc Personal Psychol Compass},
  year      = {2017},
  volume    = {11},
  number    = {8},
  pages     = {e12329},
  publisher = {Wiley Online Library},
}

@Article{degroot1974reaching,
  author    = {DeGroot, Morris H},
  title     = {Reaching a consensus},
  journal   = {J Am Stat Assoc},
  year      = {1974},
  volume    = {69},
  number    = {345},
  pages     = {118--121},
  publisher = {Taylor \& Francis Group},
}

@Article{golub2010naive,
  author  = {Golub, Benjamin and Jackson, Matthew O},
  title   = {Naive learning in social networks and the wisdom of crowds},
  journal = {Am Econ J-microecon},
  year    = {2010},
  volume  = {2},
  number  = {1},
  pages   = {112--49},
}

@Article{taleb2009errors,
  author    = {Taleb, Nassim Nicholas},
  title     = {Errors, robustness, and the fourth quadrant},
  journal   = {Int J Forecasting},
  year      = {2009},
  volume    = {25},
  number    = {4},
  pages     = {744--759},
  publisher = {Elsevier},
}

@Article{perry1907ballot,
  author    = {Perry-Coste, FH},
  title     = {The ballot-box},
  journal   = {Cah Rev The},
  year      = {1907},
  volume    = {75},
  number    = {1952},
  pages     = {509},
  publisher = {Nature Publishing Group},
}

@InProceedings{hara2018data,
  author       = {Hara, Kotaro and Adams, Abigail and Milland, Kristy and Savage, Saiph and Callison-Burch, Chris and Bigham, Jeffrey P},
  title        = {A data-driven analysis of workers' earnings on amazon mechanical turk},
  booktitle    = {Proceedings of the 2018 CHI Conference on Human Factors in Computing Systems},
  year         = {2018},
  pages        = {449},
  organization = {ACM},
}

@Article{vul2008measuring,
  author    = {Vul, Edward and Pashler, Harold},
  title     = {Measuring the crowd within: Probabilistic representations within individuals},
  journal   = {Psychological Science},
  year      = {2008},
  volume    = {19},
  number    = {7},
  pages     = {645--647},
  publisher = {SAGE Publications Sage CA: Los Angeles, CA},
}

@Article{herzog2009wisdom,
  author    = {Herzog, Stefan M and Hertwig, Ralph},
  title     = {The wisdom of many in one mind: Improving individual judgments with dialectical bootstrapping},
  journal   = {Psychological Science},
  year      = {2009},
  volume    = {20},
  number    = {2},
  pages     = {231--237},
  publisher = {SAGE Publications Sage CA: Los Angeles, CA},
}

@Article{herzog2014harnessing,
  author    = {Herzog, Stefan M and Hertwig, Ralph},
  title     = {Harnessing the wisdom of the inner crowd},
  journal   = {Trends in cognitive sciences},
  year      = {2014},
  volume    = {18},
  number    = {10},
  pages     = {504--506},
  publisher = {Elsevier},
}

@Article{lee2019homophily,
  author    = {Lee, Eun and Karimi, Fariba and Wagner, Claudia and Jo, Hang-Hyun and Strohmaier, Markus and Galesic, Mirta},
  title     = {Homophily and minority-group size explain perception biases in social networks},
  journal   = {Nature human behaviour},
  year      = {2019},
  pages     = {1--10},
  publisher = {Nature Publishing Group},
}

@Article{krueger1984perceived,
  author    = {Krueger, Lester E},
  title     = {Perceived numerosity: A comparison of magnitude production, magnitude estimation, and discrimination judgments},
  journal   = {Perception \& Psychophysics},
  year      = {1984},
  volume    = {35},
  number    = {6},
  pages     = {536--542},
  publisher = {Springer},
}

@Article{nash2017sequential,
  author    = {Nash, Ulrik W},
  title     = {Sequential sampling, magnitude estimation, and the wisdom of crowds},
  journal   = {Journal of Mathematical Psychology},
  year      = {2017},
  volume    = {77},
  pages     = {165--179},
  publisher = {Elsevier},
}

@TechReport{chandrasekhar2015testing,
  author      = {Chandrasekhar, Arun G and Larreguy, Horacio and Xandri, Juan Pablo},
  title       = {Testing models of social learning on networks: Evidence from a lab experiment in the field},
  institution = {National Bureau of Economic Research},
  year        = {2015},
}

@Book{schelling1980strategy,
  title     = {The strategy of conflict},
  publisher = {Harvard university press},
  year      = {1980},
  author    = {Schelling, Thomas C},
}

@Article{franz2007ratios,
  author  = {Franz, Volker H},
  title   = {Ratios: A short guide to confidence limits and proper use},
  journal = {arXiv preprint arXiv:0710.2024},
  year    = {2007},
}

@Article{fagerland2015recommended,
  author    = {Fagerland, Morten W and Lydersen, Stian and Laake, Petter},
  title     = {Recommended confidence intervals for two independent binomial proportions},
  journal   = {Statistical methods in medical research},
  year      = {2015},
  volume    = {24},
  number    = {2},
  pages     = {224--254},
  publisher = {SAGE Publications Sage UK: London, England},
}

@Article{walter1975distribution,
  author    = {Walter, SD},
  title     = {The distribution of Levin's measure of attributable risk},
  journal   = {Biometrika},
  year      = {1975},
  volume    = {62},
  number    = {2},
  pages     = {371--372},
  publisher = {Oxford University Press},
}

@Article{nam1995confidence,
  author    = {Nam, Jun-Mo},
  title     = {Confidence limits for the ratio of two binomial proportions based on likelihood scores: non-iterative method},
  journal   = {Biometrical Journal},
  year      = {1995},
  volume    = {37},
  number    = {3},
  pages     = {375--379},
  publisher = {Wiley Online Library},
}

@Article{stevens1957psychophysical,
  author    = {Stevens, Stanley S},
  title     = {On the psychophysical law.},
  journal   = {Psychological review},
  year      = {1957},
  volume    = {64},
  number    = {3},
  pages     = {153},
  publisher = {American Psychological Association},
}

@Article{ruud2014uncertainty,
  author    = {Ruud, Paul A and Schunk, Daniel and Winter, Joachim K},
  title     = {Uncertainty causes rounding: an experimental study},
  journal   = {Experimental Economics},
  year      = {2014},
  volume    = {17},
  number    = {3},
  pages     = {391--413},
  publisher = {Springer},
}

@Article{kruschke2018bayesian,
  author    = {Kruschke, John K and Liddell, Torrin M},
  title     = {The Bayesian New Statistics: Hypothesis testing, estimation, meta-analysis, and power analysis from a Bayesian perspective},
  journal   = {Psychonomic Bulletin \& Review},
  year      = {2018},
  volume    = {25},
  number    = {1},
  pages     = {178--206},
  publisher = {Springer},
}

@Article{kruschke2018bbayesian,
  author    = {Kruschke, John K and Liddell, Torrin M},
  title     = {Bayesian data analysis for newcomers},
  journal   = {Psychonomic bulletin \& review},
  year      = {2018},
  volume    = {25},
  number    = {1},
  pages     = {155--177},
  publisher = {Springer},
}

@Article{etz2018introduction,
  author    = {Etz, Alexander and Vandekerckhove, Joachim},
  title     = {Introduction to Bayesian inference for psychology},
  journal   = {Psychonomic Bulletin \& Review},
  year      = {2018},
  volume    = {25},
  number    = {1},
  pages     = {5--34},
  publisher = {Springer},
}

@Article{bell1982regret,
  author    = {Bell, David E},
  title     = {Regret in decision making under uncertainty},
  journal   = {Operations research},
  year      = {1982},
  volume    = {30},
  number    = {5},
  pages     = {961--981},
  publisher = {Informs},
}

@Article{loomes1986disappointment,
  author    = {Loomes, Graham and Sugden, Robert},
  title     = {Disappointment and dynamic consistency in choice under uncertainty},
  journal   = {The Review of Economic Studies},
  year      = {1986},
  volume    = {53},
  number    = {2},
  pages     = {271--282},
  publisher = {Wiley-Blackwell},
}

@Article{hauser2016attentive,
  author    = {Hauser, David J and Schwarz, Norbert},
  title     = {Attentive Turkers: MTurk participants perform better on online attention checks than do subject pool participants},
  journal   = {Behavior research methods},
  year      = {2016},
  volume    = {48},
  number    = {1},
  pages     = {400--407},
  publisher = {Springer},
}

@Article{guilbeault2020networked,
  author    = {Guilbeault, Douglas and Centola, Damon},
  title     = {Networked collective intelligence improves dissemination of scientific information regarding smoking risks},
  journal   = {PLOS ONE},
  year      = {2020},
  volume    = {15},
  number    = {2},
  pages     = {e0227813},
  publisher = {Public Library of Science San Francisco, CA USA},
}

@Article{von2008recaptcha,
  author    = {Von Ahn, Luis and Maurer, Benjamin and McMillen, Colin and Abraham, David and Blum, Manuel},
  title     = {recaptcha: Human-based character recognition via web security measures},
  journal   = {Science},
  year      = {2008},
  volume    = {321},
  number    = {5895},
  pages     = {1465--1468},
  publisher = {American Association for the Advancement of Science},
}

@Article{devriendt2018literature,
  author    = {Devriendt, Floris and Moldovan, Darie and Verbeke, Wouter},
  title     = {A literature survey and experimental evaluation of the state-of-the-art in uplift modeling: A stepping stone toward the development of prescriptive analytics},
  journal   = {Big data},
  year      = {2018},
  volume    = {6},
  number    = {1},
  pages     = {13--41},
  publisher = {Mary Ann Liebert, Inc. 140 Huguenot Street, 3rd Floor New Rochelle, NY 10801 USA},
}

@Article{nadeau1993new,
  author    = {Nadeau, Richard and Cloutier, Edouard and Guay, J-H},
  title     = {New evidence about the existence of a bandwagon effect in the opinion formation process},
  journal   = {International Political Science Review},
  year      = {1993},
  volume    = {14},
  number    = {2},
  pages     = {203--213},
  publisher = {Sage Publications Sage CA: Thousand Oaks, CA},
}

@Article{lee2018understanding,
  author    = {Lee, Sangwon and Ha, Taehyun and Lee, Daeho and Kim, Jang Hyun},
  title     = {Understanding the majority opinion formation process in online environments: An exploratory approach to Facebook},
  journal   = {Information Processing \& Management},
  year      = {2018},
  volume    = {54},
  number    = {6},
  pages     = {1115--1128},
  publisher = {Elsevier},
}

@Book{hastie2009,
  title         = {The Elements of Statistical Learning},
  publisher     = {Springer New York Inc.},
  year          = {2009},
  author        = {Hastie, Trevor and Tibshirani, Robert and Friedman, Jerome},
  series        = {Springer Series in Statistics},
  address       = {New York, NY, USA},
  edition       = {Second},
  biburl        = {https://www.bibsonomy.org/bibtex/2f58afc5c9793fcc8ad8389824e57984c/sb3000},
  date-modified = {2020-06-16 10:23:36 +0200},
  keywords      = {ml statistics},
  timestamp     = {2008-05-16T16:17:43.000+0200},
}

@Article{visser2010,
  author  = {Ingmar Visser and Maarten Speekenbrink},
  title   = {{depmixS4}: An {R} Package for Hidden Markov Models},
  journal = {Journal of Statistical Software},
  year    = {2010},
  volume  = {36},
  number  = {7},
  pages   = {1--21},
  url     = {http://www.jstatsoft.org/v36/i07/},
}

@Article{muth1961rational,
  author    = {Muth, John F.},
  title     = {Rational expectations and the theory of price movements},
  journal   = {Econometrica: Journal of the Econometric Society},
  year      = {1961},
  pages     = {315--335},
  publisher = {JSTOR},
}

@Comment{jabref-meta: databaseType:bibtex;}
